2946 5164
1387 475 1567 523 -.-
1648 424 1977 515 34·.....*

658 617 945 698 diorum
983 612 1417 706 laxantium,
1458 608 1719 699 deinde
1762 611 2164 685 coctionem
2210 604 2540 681 ciborum
2570 629 2778 679 cor—

656 734 1035 838 rigentium
1081 755 1153 808 et
1196 731 1691 807 roborantium
1732 757 1902 807 usus
1934 723 2354 831 valetudinis
2405 724 2774 826 pristinae

654 875 918 931 statum
960 879 1136 934 mox
1176 847 1550 929 revocavit.
1594 928 1595 931 ,

1608 1073 1668 1168 §·
1717 1093 1789 1164 9·

859 1206 1204 1283 Brevibus
1248 1230 1444 1279 nunc
1484 1224 1854 1304 postremo
1919 1198 2214 1309 edamus
2277 1205 2477 1280 lineis
2520 1232 2765 1283 com-—

549 1356 556 1361 ·
652 1332 1107 1432 parationem
1140 1347 1210 1398 et
1265 1322 1646 1397 discrimen
1684 1320 2076 1396 variolam
2057 1343 2240 1397 mter
2284 1346 2354 1399 et
2401 1324 2766 1399 varioloi-

655 1447 863 1546 dem3
945 1448 1313 1548 ipsamque
1375 1442 1557 1515 inter
1612 1461 1707 1514 et
1733 1436 2166 1535 varicellam,
2215 1443 2523 1547 quibuS,
2539 1472 2762 1543 qno..

653 1566 881 1643 modo
933 1564 1259 1640 variolois
1311 1560 1664 1638 vaccinica
1712 1559 2170 1659 dignoscatur
2199 1562 2700 1663 intelligamus.
2774 1572 2785 1598 ⁸

783 1724 792 1731 “
858 1682 1287 1760 Communia
1337 1709 1513 1755 cum
1559 1677 1827 1754 variola
1869 1677 2129 1753 haecce
2171 1680 2383 1755 habet
2423 1680 2759 1756 variolois

601 1878 611 1897 Ἴ
654 1777 1161 1906 symptomata}
1266 1797 1492 1913 febris
1591 1801 2118 1896 praecursoriae
2208 1800 2762 1893 vehementiam,

652 1922 1047 2025 systefiatis
1115 1915 1739 2019 ‘gastrico-hiliosi
1805 1916 2318 2012 turbationem,
2385 1918 2759 2021 interdum

654 2040 868 2115 etiam
922 2038 1216 2113 dolores
1266 2029 2173 2130 morales,“convtilsiones,
2225 2039 2530 2138 aliaque,
2565 2065 2756 2136 quae

647 2142 1256 2251 vehementiorem
1306 2153 1663 2253 medullae
1703 2151 1992 2254 spinalis
2055 2154 2375 2231 indicant
2420 2140 2771 2231 affectio-⁴⁸

648 2305 858 2373 nem3
899 2273 1492 2363 tumoremcutis
1533 2272 2006 2351 exanthemati,
2054 2297 2558 2374 praeeuntem,
2606 2296 2749 2350 or—

649 2394 933 2490 dinem,
981 2419 1128 2496 quo
1171 2393 1602 2467 exanthema
1654 2417 1693 2464 e
1736 2392 2030 2490 singulis
2070 2393 2394 2494 corporis
2438 2393 2751 2495 partibus
2822 2443 2835 2449 -

647 2515 1018 2618 prov-enit,
1060 2511 1360 2613 papulae
1412 2513 1722 2624 formam
1775 2528 1845 2581 et
1892 2516 2040 2608 ejus
2089 2511 2163 2584 in
2215 2514 2580 2616 pustulam
2618 2540 2749 2588 ac-

650 2630 1022 2706 crescendi
1075 2629 1419 2706 rationem
1457 2643 1689 2731 usque
1741 2627 1832 2702 ad
1881 2629 2208 2731 quintum
2265 2632 2496 2728 diem,
2571 2661 2752 2708 um·-

645 2733 943 2827 bilicum
974 2751 1303 2851 pustulae
1344 2749 1530 2851 apici
1555 2747 2021 2824 insidentem·
2004 2806 2025 2845 ,
2107 2772 2177 2823 at
2228 2750 2464 2825 differt
2502 2750 2749 2825 vario-

643 2870 780 2946 lois
819 2897 861 2945 a
904 2868 1163 2945 variola
1191 2896 1319 2962 eo,
1359 2867 1567 2967 quod
1620 2870 1848 2941 multo
1904 2857 2226 2943 breviore
2273 2892 2594 2969 tempore
2647 2871 2767 2972 ad·

646 3009 915 3063 crustas
954 2984 1365 3061 formandas
1407 2975 1925 3087 proficiscitur,
1984 3008 2238 3086 atque,
2301 3015 2469 3062 cum
2512 3016 2763 3090 usque·
2796 3053 2805 3056 -

535 3083 582 3214 x!
654 3105 752 3182 ad
800 3104 1131 3207 pustulae
1173 3099 1594 3212 maturitatis
1631 3103 1940 3178 stadium
1980 3108 2146 3179 satis
2187 3105 2397 3180 lentes
2425 3107 2741 3206 ingressa

646 3224 777 3328 sit,
836 3250 1032 3316 nunc
1074 3220 1725 3325 extemplolrapido
1770 3221 2047 3298 vehitur
2076 3250 2327 3325 cursu3
2366 3252 2535 3298 nam
2576 3253 2741 3301 vera

650 3339 1071 3444 suppuratio
1119 3369 1314 3436 non,
1361 3341 1581 3416 febris
1624 3335 2039 3416 secundaria
2084 3370 2242 3417 raro
2285 3344 2740 3442 observatur,

656 3460 896 3536 diffe'rt
956 3487 1177 3565 porro
1223 3488 1264 3533 a
1301 3459 1607 3568 variola,
1663 3460 1860 3560 quod
1924 3451 2279 3536 cicatrices
2336 3460 2502 3534 huic
2550 3490 2740 3563 pro—
2790 3561 2797 3574 ὓ

646 3583 841 3680 prias
878 3608 1030 3659 non
1067 3578 1427 3681 relinquit,
1466 3552 1599 3653 sed
1639 3606 1884 3652 earum
1926 3581 2091 3654 loco
2138 3571 2360 3655 elevat
2389 3602 2621 3655 cutem
2660 3582 2740 3655 in

640 3687 1090 3774 tuberculum
1125 3683 1523 3808 peculiare}
1557 3698 2006 3773 mitissimum
2035 3698 2463 3806 plerumque
2502 3699 2737 3775 induit

641 3813 1160 3912 characterem,
1227 3843 1463 3916 neque
1503 3842 1805 3915 usquam
1864 3815 1938 3890 in
1987 3818 2369 3917 organismi
2414 3840 2749 3895 structu-.

639 3960 795 4010 ram
834 3956 903 4008 et
952 3935 1164 4012 vitam
1193 3947 1393 4009 'tanta
1424 3935 1705 4010 saevitia
1730 3964 1920 4010 arma
1977 3937 2176 4038 gerit,
2218 3965 2355 4037 qua
2396 3940 2732 4014 variolam
2810 3993 2835 4002 -

636 4050 785 4126 hoc
822 4055 979 4155 ipso
1044 4076 1363 4154 tempore
1425 4080 1574 4127 non
1608 4082 1793 4134 ,raro
1849 4056 2375 4160 pulcherrimos
2429 4056 2729 4156 fregisse

551 4229 564 4236 ι
629 4171 841 4247 flores
883 4160 1094 4278 proh²
1128 4172 1372 4249 dolor!
1419 4171 1755 4261 vidimus,
1830 4172 2019 4251 Cum
2060 4174 2382 4254 varicella
2434 4183 2725 4280 quoque
2786 4273 2797 4276 ι
