2946 5164
369 675 672 762 Quanto
711 673 1092 753 studiosius
1115 729 1138 771 ‚
1182 695 1450 778 quanto
1496 670 1901 774 diligentius
1943 671 2024 748 hi
2057 697 2267 775 agent

191 794 617 896 provinciam
661 802 914 886 suam,
927 793 1026 865 ssi
1063 800 1101 867 a
1141 794 1503 894 republica
1548 793 2022 889 concedetur,
2034 795 2265 873 unde

167 914 652 989 remuneratio
688 913 835 986 istis
868 913 1019 984 fiat!
1080 912 1367 1003 Quanto
1401 913 1694 987 alacrius
1726 913 2040 1013 vulgus
2021 942 2262 1014 ipsum

183 1053 349 1105 tunc
389 1031 757 1126 custodiet,
803 1060 895 1106 ne
929 1032 1134 1132 pueri
1163 1031 1706 1106 subtrahantur
1689 1032 2036 1129 msitioni3
2084 1059 2265 1131 quo·
2316 1126 2321 1131 ἱ

143 1150 367 1237 Ϊιιίᾳηι
445 1179 594 1226 non
649 1150 861 1227 anxie
933 1164 1153 1250 porro
1216 1151 1470 1225 huicce
1551 1149 1681 1225 erit
1732 1140 2264 1251 quaerendum,

179 1269 368 1345 unde
412 1293 732 1360 sumant,
758 1269 979 1370 vquod
1017 1272 1294 1369 solvant
1346 1269 1662 1345 medico!

374 1389 483 1466 Eo
511 1390 759 1462 vminus
803 1412 1040 1483 autem
1100 1392 1392 1492 quidem
1447 1390 1597 1467 hoc
1646 1408 1894 1464 votum
1946 1389 2264 1476 'reticere

178 1507 408 1602 volui,
450 1534 595 1606 quo
646 1507 896 1582 melior
939 1509 1120 1584 mihi
1162 1510 1323 1585 data
1375 1531 1480 1583 est
1529 1507 1806 1583 occasio
1850 1507 2264 1609 intelligen-

178 1625 289 1718 di,
353 1626 529 1728 quid
588 1631 682 1702 sit
746 1626 985 1702 adhuc
1039 1627 1596 1725 desiderandum
1651 1630 1729 1700 in
1787 1626 2074 1726 publica
2126 1655 2264 1730 pro
2355 1693 2377 1713 .,
2428 1680 2435 1683 ,

171 1745 521 1831 'vacciolae
572 1746 909 1823 insitione
963 1776 1168 1840 cura,
1236 1768 1416 1822 cum'
1445 1750 1583 1821 sub
1624 1745 1838 1847 patris
1890 1746 2034 1820 mei
2076 1773 2266 1821 ocu-

174 1864 260 1954 ljs
312 1892 462 1965 per·
497 1847 842 1942 ‘menses
889 1868 1113 1942 modo
1173 1868 1686 1967 praeterlapsos
1748 1864 2133 1941 vacciolam
2186 1864 2265 1941 in

173 1984 367 2080 'pagis
420 1980 747 2084 pluribus
804 1972 1162 2060 Varisciae
1233 1984 1595 2079 inserendi
1653 2009 1836 2087 opus
1913 2010 2268 2086 suscepe-
2346 1965 2350 1975 ⁵

126 2183 137 2192 ,
179 2103 309 2174 rim
359 2103 558 2174 mihi.
600 2136 631 2183 ‚¹
709 2126 720 2137 ’
1886 2124 1891 2133 ’

255 2206 258 2209 ’
372 2219 629 2325 Itaque
668 2248 785 2296 me
826 2219 1211 2295 absolvisse
1268 2216 1683 2321 putaverim
1714 2220 2074 2295 materiam
2115 2209 2295 2323 me}
2361 2251 2366 2254 ·

177 2368 311 2432 am,
353 2337 428 2435 in
463 2368 604 2442 qua
648 2339 1165 2440 pertractanda,
1221 2339 1281 2412 si
1323 2343 1619 2419 fortasse
1661 2326 2021 2415 interdum
2061 2342 2269 2441 plura

177 2464 269 2535 ita
309 2459 568 2533 dixisse
610 2461 879 2559 possim
920 2458 1186 2552 videri,
1258 2487 1438 2560 quae
1491 2481 1562 2534 et
1631 2459 2004 2559 quomodo
2082 2464 2270 2535 tito-

97 2613 102 2616 *
178 2608 341 2655 nem
387 2605 541 2653 non
576 2577 896 2682 deceant,
944 2579 1427 2653 excusandum
1477 2607 1589 2651 me
1623 2606 1778 2652 esse
1817 2577 2267 2679 speraverim,

173 2696 511 2798 quoniam
554 2727 631 2773 re
671 2726 834 2775 vera
864 2698 1067 2770 aliam
1115 2724 1264 2770 non
1305 2696 1472 2770 novi
1516 2724 1822 2791 causam,
1864 2723 2102 2796 neque
2145 2698 2268 2778 ad·-
2372 2746 2380 2754 -

173 2817 700 2911 hortationem,
761 2817 896 2905 nisi
931 2839 1011 2890 ut
1057 2830 1237 2892 vires
1279 2837 1472 2888 meas
1536 2835 1783 2891 tenues
1851 2814 2058 2889 etiam
2120 2816 2273 2892 rei-
2364 2861 2369 2869 .

139 2937 535 3038 publicae,
581 2872 1091 3034 htimanitatiS‚
1153 2956 1224 3011 et
1282 2933 1648 3011 docttinae
1690 2932 1909 3013 saluti
1939 2933 2271 3022 addicam

180 3076 249 3132 et
289 3056 685 3137 defoveam
