2946 5164
1366 474 1910 544 ...40-

650 636 1054 724 labefactata
1094 644 1182 723 sit
1201 677 1241 744 ,·
1291 645 1768 747 singularique
1832 644 1968 722 vita
2015 643 2318 782 privata3
2383 641 2596 747 pallet
2655 669 2738 723 ut

645 767 1074 868 plurimum,
1117 767 1425 874 collapsa
1452 790 1583 862 est,
1636 764 1925 840 sordida
1971 761 2169 862 quasi
2211 786 2282 840 et
2329 794 2475 840 uno
2513 768 2734 843 verbo

644 890 935 986 passiva.
1025 884 1279 974 Quum
1329 913 1495 961 vero
1542 885 1952 1021 saepissime
1998 885 2162 979 fiat
2200 907 2284 959 ut
2331 905 2477 961 tota
2526 883 2740 976 seroq-

646 1004 1013 1106 phulosis,
1082 1005 1470 1104 pubertatis
1520 1005 1747 1106 spatio
1815 1025 2144 1103 peracte,
2214 1002 2570 1098 deleatur,
2643 1004 2760 1080 ita'

648 1133 726 1197 ut'
766 1149 813 1195 ra
866 1151 1092 1223 gnaro
1144 1128 1359 1199 etiam
1397 1123 1513 1199 vix
1557 1133 1711 1220 ejus
1742 1123 2115 1223 vestigium
2163 1123 2252 1197 sit
2288 1123 2737 1223 conspicien-

562 1253 563 1258 ’
643 1241 857 1334 dum,
931 1245 1112 1317 cutis
1177 1247 1510 1343 quoque,
1575 1245 1683 1318 uti
1713 1264 1972 1344 apatet,
2028 1265 2307 1339 tonum,
2365 1263 2737 1343 turgorem

639 1347 956 1436 validum
989 1358 1465 1462 floridamque
1529 1363 1741 1448 vitam
1792 1363 2088 1462 accipiat
2133 1388 2315 1462 opus
2362 1383 2485 1435 est.

704 1497 705 1500 ’
840 1479 1431 1556 Exanthematu'm
1513 1480 1753 1582 igitur‘
1811 1487 2083 1555 semina
2181 1473 2307 1554 illo
2385 1500 2765 1582 tempore,·

641 1600 702 1674 si
755 1600 1099 1706 ingruunt
1166 1626 1472 1702 corpus,
1554 1599 1993 1700 recipiuntur
2070 1598 2414 1698 quidem,
2464 1619 2533 1671 at
2560 1624 2737 1704 'non

640 1746 728 1797 eo
768 1719 1106 1793 coluntur
1151 1740 1220 1793 et
1261 1719 1712 1818 explicantur
1756 1718 2032 1817 impetu
2110 1741 2181 1793 et
2262 1702 2550 1819 gradu,
2578 1736 2737 1790 tar-

640 1838 825 1913 dius-
860 1836 1061 1939 quasi
1122 1846 1301 1913 tunc
1348 1838 1694 1939 temporis
1759 1843 2011 1912 natura
2070 1864 2316 1912 semen
2372 1857 2770 1938 procreat,

639 1985 908 2058 quum,
976 1955 1180 2056 quod
1248 1955 1339 2030 ad
1400 1956 1548 2030 hoc
1622 1956 2166 2059 provocandum
2225 1956 2517 2031 insitum
2601 1959 2763 2049 est,

634 2077 1358 2176 quominusomnem
1400 2099 1615 2150 'suam
1659 2073 2067 2172 facultatem
2108 2074 2313 2169 edat,
2369 2071 2743 2176 impedia-

631 2206 772 2276 tur.
889 2194 1130 2281 Quare
1206 2196 1565 2271 vacciolae
1636 2196 1927 2296 quoque
2007 2192 2304 2295 lympha
2374 2213 2546 2266 tunc
2605 2218 2742 2294 per

637 2327 874 2389 cutem
914 2313 1323 2414 organismo
1371 2311 1665 2410 tradita,
1735 2317 1900 2389 satis
1953 2312 2350 2411 regularem
2413 2311 2740 2409 quidem,

589 2505 593 2510 ,
630 2413 978 2534 quantum
1031 2459 1166 2534 pro
1212 2435 1393 2508 cutis
1440 2434 1715 2509 ratione
1759 2453 2075 2536 poterat,
2146 2430 2505 2530 pustulam
2551 2458 2742 2530 pro-

632 2552 893 2645 trudit,
932 2580 1142 2654 ·quae
1184 2578 1333 2628 non
1377 2553 1707 2627 abnormi
1748 2579 1965 2665 cursu
2005 2569 2347 2627 maturata
2392 2570 2536 2645 est,
2602 2576 2741 2626 se·-

631 2699 802 2749 men
832 2670 1027 2773 adeo!
1051 2672 1142 2745 ad
1175 2675 1768 2774 propagatione-m
1803 2698 1958 2746 non
1996 2670 2319 2772 ineptum
2350 2668 2735 2772 produxit3

629 2789 969 2894 impedita
1019 2811 1258 2867 tamen
1316 2812 1433 2899 est>
1478 2820 1520 2865 a
1570 2794 1786 2887 cutis,
1843 2818 2026 2890 quae
2065 2791 2254 2865 invia
2295 2789 2437 2864 did
2469 2810 2735 2889 potest,

626 2913 1018 3010 languore,
1075 2910 1461 3009 quominus
1526 2908 1912 2986 nervorum·
1984 2932 2053 2984 et
2103 2916 2435 2985 vasorum
2487 2906 2762 3007 centra

626 3032 724 3106 ita
771 3010 1150 3131 attingere,
1210 3054 1607 3133 eorumque
1663 3029 2068 3102 functiones
2113 3028 2247 3101 sibi
2294 3025 2729 3102 evolvendae

630 3172 703 3226 et
736 3143 1242 3252 propagandae
1283 3147 1596 3248 arripere
1637 3141 1916 3245 posset,
1980 3148 2082 3220 uti
2133 3148 2544 3247 postulatur
2581 3173 2733 3222 ne-

626 3265 958 3359 cessarie,
994 3286 1090 3355 ‚ut
1131 3284 1321 3340 totus
1364 3264 1781 3340 immutetur
1821 3265 2292 3364 organismus,
2339 3266 2754 3349 immunis-,

625 3415 793 3491 que,
822 3382 1070 3462 evadat
1129 3412 1169 3457 a
1217 3384 1650 3464 variolarum
1691 3384 2106 3468 infectione.
2215 3385 2463 3487 Itaque
2528 3413 2729 3462 con·-

623 3509 899 3609 tagium
947 3502 1420 3598 variolosum‚
1463 3503 1523 3576 si
1563 3525 1756 3592 tunc,
1798 3503 1922 3577 ubi
1971 3503 2443 3605 adolescentia
2476 3531 2727 3579 recen·
2800 3524 2816 3548 '

623 3649 772 3703 tem
824 3623 1020 3697 dedit
1061 3624 1323 3696 florem
1361 3622 1537 3698 vitae
1585 3644 1654 3698 et
1692 3622 1904 3724 plane
1945 3626 2130 3697 nora
2158 3624 2488 3698 instruxit
2536 3650 2724 3699 ner-

622 3764 752 3823 vos
795 3741 1247 3816 sensibilitate
1281 3763 1351 3816 et
1384 3741 1759 3833 alacritate,
1802 3767 2063 3842 corpus
2099 3743 2364 3845 irrepit,
2404 3742 2720 3841 humum

623 3863 827 3966 quasi
864 3859 1138 3935 invenit
1183 3865 1679 3962 pauperiorem
1732 3860 2067 3962 quidem,
2143 3876 2377 3964 neque
2423 3862 2754 3962 penitus.

550 4049 554 4055 .
626 3978 1027 4060 evolutioni
1078 4007 1243 4056 suae
1295 3982 1674 4074 faventem,
1725 4000 1793 4053 at
1841 4009 1992 4056 non
2034 3980 2244 4080 plane
2290 3986 2528 4056 tamen
2561 4005 2722 4089 ste-

623 4102 855 4178 rilem.
898 4136 907 4147 ⁸
954 4096 1147 4172 Illud
1190 4103 1603 4200 contagium
1632 4098 2065 4181 adhortatur
2117 4101 2603 4202 organismum
2645 4108 2752 4177 et‘

621 4210 844 4326 cogit,
885 4230 968 4295 ut
1010 4217 1310 4296 variolae
1339 4221 1647 4322 speciem
1687 4232 2019 4323 procreet
2030 4252 2053 4321 3
2100 4220 2222 4337 hic
2256 4249 2425 4305 vero
2463 4223 2721 4300 resistit
